<?xml version="1.0" encoding="UTF-8"?><collection xmlns="http://www.loc.gov/MARC21/slim"><record><leader>00464nam--2200169-i-4500</leader><controlfield tag="001">000005648</controlfield><controlfield tag="002">20161230</controlfield><controlfield tag="005">20161230201026</controlfield><controlfield tag="008">060222s1000------------r-----000-0-rus-d</controlfield><datafield ind1=" " ind2=" " tag="041"><subfield code="a">IFIN-HH</subfield></datafield><datafield ind1=" " ind2=" " tag="080"><subfield code="a">519.28</subfield></datafield><datafield ind1="1" ind2=" " tag="100"><subfield code="a">Nalimov, V.V</subfield></datafield><datafield ind1="1" ind2="0" tag="245"><subfield code="a">Primenenie matematiceskoi statistiki pri analize vesestva</subfield><subfield code="c">V.v. nalimov</subfield></datafield><datafield ind1=" " ind2=" " tag="260"><subfield code="a">Moskva</subfield><subfield code="b">Fiziko-matematiceskoi Literaturi</subfield><subfield code="c">1960</subfield></datafield><datafield ind1=" " ind2=" " tag="300"><subfield code="a">430P</subfield></datafield><datafield ind1=" " ind2=" " tag="852"><subfield code="a">6998</subfield><subfield code="c">519.24</subfield></datafield><datafield ind1=" " ind2=" " tag="CAT"><subfield code="a">Sys</subfield><subfield code="c">20130802</subfield><subfield code="h">134932</subfield></datafield></record></collection>